<record><leader>00000cas a22000007a 4500</leader><controlfield tag="001">11191553</controlfield><controlfield tag="008">840924c19669999nyudr ne      0    0eng d</controlfield><datafield ind1=" " ind2=" " tag="010"><subfield code="a">sn 84031615 </subfield></datafield><datafield ind1=" " ind2=" " tag="040"><subfield code="a">NYG</subfield><subfield code="b">eng</subfield><subfield code="c">NYG</subfield><subfield code="d">NPH</subfield><subfield code="d">NYS</subfield><subfield code="d">OCLCQ</subfield></datafield><datafield ind1="1" ind2=" " tag="029"><subfield code="a">AU@</subfield><subfield code="b">000020385389</subfield></datafield><datafield ind1="1" ind2=" " tag="029"><subfield code="a">NZ1</subfield><subfield code="b">16075979</subfield></datafield><datafield ind1=" " ind2=" " tag="042"><subfield code="a">msc</subfield></datafield><datafield ind1="0" ind2="4" tag="245"><subfield code="a">The Post-journal.</subfield></datafield><datafield ind1="3" ind2="0" tag="246"><subfield code="a">Post journal</subfield></datafield><datafield ind1=" " ind2=" " tag="260"><subfield code="a">Jamestown, N.Y. :</subfield><subfield code="b">Jamestown Newspaper Corp.,</subfield><subfield code="c">1966-</subfield></datafield><datafield ind1=" " ind2=" " tag="300"><subfield code="a">v. :</subfield><subfield code="b">ill.</subfield></datafield><datafield ind1=" " ind2=" " tag="310"><subfield code="a">Daily</subfield></datafield><datafield ind1="0" ind2=" " tag="362"><subfield code="a">Vol. 25, no. 151 (Apr. 2, 1966)-</subfield></datafield><datafield ind1=" " ind2=" " tag="500"><subfield code="a">"Boost-believe in-build our community."</subfield></datafield><datafield ind1=" " ind2="4" tag="651"><subfield code="a">Jamestown (N.Y.)</subfield><subfield code="v">Newspapers.</subfield></datafield><datafield ind1=" " ind2=" " tag="752"><subfield code="a">United States</subfield><subfield code="b">New York</subfield><subfield code="c">Chautauqua</subfield><subfield code="d">Jamestown.</subfield></datafield><datafield ind1="0" ind2=" " tag="775"><subfield code="t">Post-journal (Jamestown, N.Y. : Warren County ed.)</subfield><subfield code="w">(DLC)sn 88081064</subfield></datafield><datafield ind1="0" ind2="0" tag="780"><subfield code="t">Jamestown post journal</subfield><subfield code="w">(DLC)sn 84031314</subfield><subfield code="w">(OCoLC)10840053</subfield></datafield></record>